@book{vapnik2013nature,
  title={The nature of statistical learning theory},
  author={Vapnik, Vladimir},
  year={2013},
  publisher={Springer Science \& Business Media}
}

@InProceedings{rendle2010factorization,
  author       = {Rendle, Steffen},
  title        = {Factorization machines},
  booktitle    = {2010 IEEE International Conference on Data Mining},
  year         = {2010},
  pages        = {995--1000},
  organization = {IEEE},
  file         = {:libFM\\Factorization Machines.pdf:PDF},
  groups       = {libFM},
}
@Article{rendle2012factorization,
  author    = {Rendle, Steffen},
  title     = {Factorization machines with libfm},
  journal   = {ACM Transactions on Intelligent Systems and Technology (TIST)},
  year      = {2012},
  volume    = {3},
  number    = {3},
  pages     = {57},
  file      = {:libFM\\Factorization Machines with libFM.pdf:PDF},
  groups    = {libFM},
  publisher = {ACM},
}
@InProceedings{ladicky2011locally,
  author    = {Ladicky, Lubor and Torr, Philip},
  title     = {Locally linear support vector machines},
  booktitle = {Proceedings of the 28th International Conference on Machine Learning (ICML-11)},
  year      = {2011},
  pages     = {985--992},
  file      = {:libFM\\Locally Linear Support Vector Machines.pdf:PDF},
  groups    = {libFM},
}

@InProceedings{yu2009nonlinear,
  author    = {Yu, Kai and Zhang, Tong and Gong, Yihong},
  title     = {Nonlinear learning using local coordinate coding},
  booktitle = {Advances in neural information processing systems},
  year      = {2009},
  pages     = {2223--2231},
  file      = {:libFM\\Nonlinear Learning using Local Coordinate Coding.pdf:PDF},
  groups    = {libFM},
}
@InProceedings{ladicky2011locally,
  author    = {Ladicky, Lubor and Torr, Philip},
  title     = {Locally linear support vector machines},
  booktitle = {Proceedings of the 28th International Conference on Machine Learning (ICML-11)},
  year      = {2011},
  pages     = {985--992},
  file      = {:libFM\\Locally Linear Support Vector Machines.pdf:PDF},
  groups    = {libFM},
}